@misc{glisc,
	author = {Rafael Helerbrock},
	title = {Mecânica},
	url = {https://brasilescola.uol.com.br/fisica/mecanica.htm},
	}
@misc{mecanica2,
	author = {Joab Silas},
	title = {O que é Mecânica?}
	url = {https://brasilescola.uol.com.br/o-que-e/fisica/o-que-e-mecanica.htm},
	}
@misc{mecanica3,
	author = {anitadiogo},
	title = {Deslocamento, Velocidade Média, Velocidade e Aceleração},
	url = {https://pt.scribd.com/document/457596565/Deslocamento-velocidade-media-velocidade-e-aceleracao-2-pdf},
	}
@misc{mecanica4,
	author = {Mariana},
	title = {Manual},
	url = {https://pt.scribd.com/document/507896903/12F-Manual},
	}