@book{irineu.2,
AUTHOR = {sdfsdfsdf},
TITLE = {asdfasd},
PAGES = {1},
YEAR = {2019}
}

@book{irineu.7,
AUTHOR = {gaspar},
TITLE = {sdfsfdvf},
PAGES = {27},
YEAR = {2003}
}