@book{Kopka.03,
title = {Guide to LaTeX},
author = {Helmut Kopka and Patrick W. Daly},
pages = {624},
publisher = {Addison-Wesley Professional},
edition = {4th},
year = {2003},
note = {ISBN-10: 0321173856, ISBN-13: 978-0321173850}
}
@book{Lamport.94,
AUTHOR = {Leslie Lamport},
TITLE = {LaTeX: A Document Preparation System},
PAGES = {288},
PUBLISHER = {Addison-Wesley Professional},
EDITION = {2nd},
YEAR = {1994},
NOTE = {ISBN-10: 0201529831, ISBN-13: 978-0201529838}
}
